<?xml version="1.0" encoding="UTF-8" ?>
<collection xmlns:xsi="http://www.w3.org/2001/XMLSchema-instance"
    xsi:schemaLocation="http://www.loc.gov/MARC21/slim
        http://www.loc.gov/standards/marcxml/schema/MARC21slim.xsd"
    xmlns="http://www.loc.gov/MARC21/slim">
<record>
  <leader>00222cam a2200409 i 4500</leader>
  <controlfield tag="001">b12348521</controlfield>
  <controlfield tag="003">LeBAU</controlfield>
  <controlfield tag="005">20180202</controlfield>
  <controlfield tag="008">970214s1924    iq            ||0 0 ara d</controlfield>
  <datafield tag="035" ind1=" " ind2=" ">
    <subfield code="a">ocn784227621</subfield>
  </datafield>
  <datafield tag="040" ind1=" " ind2=" ">
    <subfield code="a">LEAUB</subfield>
    <subfield code="b">ara</subfield>
    <subfield code="e">rda</subfield>
    <subfield code="c">LEAUB</subfield>
    <subfield code="d">LEAUB</subfield>
  </datafield>
  <datafield tag="082" ind1="0" ind2="4">
    <subfield code="a">297.04</subfield>
    <subfield code="2">20</subfield>
  </datafield>
  <datafield tag="100" ind1="1" ind2=" ">
    <subfield code="6">880-01</subfield>
    <subfield code="a">Janājī, Jaʻfar ibn Khaḍir,</subfield>
    <subfield code="d">1743 or 1744-1811 or 1812,</subfield>
    <subfield code="e">author.</subfield>
  </datafield>
  <datafield tag="245" ind1="1" ind2="0">
    <subfield code="6">880-02</subfield>
    <subfield code="a">Kitāb manhaj al-rashād li-man arāda al-sadād /</subfield>
    <subfield code="c">min taʼlīf waḥid al-duhūr wa-nādirat al-ʻuṣūr ʻallāmat al-ʻulamāʼ al-rabbānīyīn wa-aʻẓam asāṭīn al-dīn shaykh al-ṭāʼifah al-shaykh al-akbar Jaʻfar al-Najafī ʻaṭṭara Allāh marqadahu ṣāḥib kitāb Kāshif al-Ghiṭāʼ wa-Sharḥ al-Qawāʻid wa-al-Ḥaqq al-Mubīn wa-ghayrahā min al-muʼallāfāt al-shahīrah al-mutawaffá fī Rajab sanat thamānīyah wa-al-ʻishrīn baʻda al-alf wa-al-mi’atayn Hijrīyah.</subfield>
  </datafield>
  <datafield tag="246" ind1="3" ind2="0">
    <subfield code="6">880-03</subfield>
    <subfield code="a">Manhaj al-rashād li-man arāda al-sadād</subfield>
  </datafield>
  <datafield tag="264" ind1=" " ind2="1">
    <subfield code="6">880-04</subfield>
    <subfield code="a">al-Najaf :</subfield>
    <subfield code="b">al-Maṭbaʻah al-Ḥaydarīyah,</subfield>
    <subfield code="c">1343 H., [1924? M.]</subfield>
  </datafield>
  <datafield tag="300" ind1=" " ind2=" ">
    <subfield code="6">880-05</subfield>
    <subfield code="a">82 pages ;</subfield>
    <subfield code="c">22 cm</subfield>
  </datafield>
  <datafield tag="336" ind1=" " ind2=" ">
    <subfield code="a">text</subfield>
    <subfield code="b">txt</subfield>
    <subfield code="2">rdacontent</subfield>
  </datafield>
  <datafield tag="337" ind1=" " ind2=" ">
    <subfield code="a">unmediated</subfield>
    <subfield code="b">n</subfield>
    <subfield code="2">rdamedia</subfield>
  </datafield>
  <datafield tag="338" ind1=" " ind2=" ">
    <subfield code="a">volume</subfield>
    <subfield code="b">nc</subfield>
    <subfield code="2">rdacarrier</subfield>
  </datafield>
  <datafield tag="500" ind1=" " ind2=" ">
    <subfield code="a">"كتبه بعنوان جواب مكتوب كتبه إليه بعض أمراء نجد من ابناء سعود الذين هم الدعاة الى مذهب الوهابية وهو كتاب جليل لم يكتب مثله في هذا الباب وكان طبعه ونشره بإنفاق حضرة حجة الاسلام مرجع الانام وحيد الناس سيدنا الأجل الحاج سيد عباس التبتي مد ظله العالي."</subfield>
  </datafield>
  <datafield tag="520" ind1="3" ind2=" ">
    <subfield code="a">" هذه الرسالة حصيلة مراسلة بين شخصيتين كبيرتين تمثلتا بالشيخ جعفر كاشف الغطاء زعيم الطائفة الأمامية في عصره، المتوفى سنة 1228هـ / 1813م، وبين الأمير عبدالعزيز بن سعود ـ أحد قادة الحركة الوهابية في عهدها الأول، المتوفى سنة 1218هـ /1803م.  والسبب الذي دعا إلى تأليفها هو أن الأمير عبد العزيز كتب رسالة إلى الشيخ كاشف الغطاء انتقد فيها الممارسات التي يطبقها زوار المراقد الدينية المقدسة، وهي حسب العقيدة الوهابية تقارب الشرك في مقام التوحيد، المبتنية على مفردات نظرية مثل الشفاعة، والتوسل، والاستغاثة.  ولمعرفة ما تنطوي عليه هذه الأوراق من مناقشة وجدل يتحتم فهم الظروف التي كانت سائدة في منطقة الجزيرة، والتي بدأت تؤثر في المناطق المحيطة تأثيراً بالغاً وفعالاً. "</subfield>
  </datafield>
  <datafield tag="588" ind1=" " ind2=" ">
    <subfield code="a">هذا المستخلص أخذ من: http://www.aqaed.com/book/451/manhaj01.html (تاريخ زيارة الموقع 2018-02-02)</subfield>
  </datafield>
  <datafield tag="650" ind1=" " ind2="4">
    <subfield code="a">الشيعة</subfield>
    <subfield code="x">عقائد.</subfield>
  </datafield>
  <datafield tag="650" ind1=" " ind2="4">
    <subfield code="a">الشيعة</subfield>
    <subfield code="x">عادات وممارسات.</subfield>
  </datafield>
  <datafield tag="650" ind1=" " ind2="0">
    <subfield code="a">Shīʻah</subfield>
    <subfield code="x">Doctrines.  </subfield>
  </datafield>
  <datafield tag="650" ind1=" " ind2="0">
    <subfield code="a">Shīʻah</subfield>
    <subfield code="x">Customs and practices. </subfield>
  </datafield>
  <datafield tag="852" ind1=" " ind2=" ">
    <subfield code="a">Jafet Library</subfield>
    <subfield code="e">American University of Beirut, Bliss Street , Beirut, Lebanon.</subfield>
  </datafield>
  <datafield tag="880" ind1="1" ind2=" ">
    <subfield code="6">100-01/(3/r</subfield>
    <subfield code="a">الجناجي، جعفر بن خضر،</subfield>
    <subfield code="d">1743 أو 1744-1811 أو 1812،</subfield>
    <subfield code="e">مؤلف. </subfield>
    <subfield code="4">aut.</subfield>
  </datafield>
  <datafield tag="880" ind1="1" ind2="0">
    <subfield code="6">245-02/(3/r</subfield>
    <subfield code="a">كتاب منهج الرشاد لمن أراد السداد /</subfield>
    <subfield code="c">من تأليف واحد الدهور ونادرة العصور علامة العلماء الربانيين وأعظم أساطين الدين شيخ الطائفة الشيخ الأكبر الشيخ جعفر النجفي عطر الله مرقده صاحب كتاب كاشف الغطاء وشرح القواعد والحق المبين وغيرها من المؤلفات الشهيرة المتوفى في رجب سنة ثمانية والعشرين بعد الألف والمأتين هجرية.</subfield>
  </datafield>
  <datafield tag="880" ind1="3" ind2="0">
    <subfield code="6">246-03/(3/r</subfield>
    <subfield code="a">منهج الرشاد لمن أراد السداد</subfield>
  </datafield>
  <datafield tag="880" ind1=" " ind2="1">
    <subfield code="6">264-04/(3/r</subfield>
    <subfield code="a">النجف :</subfield>
    <subfield code="b">المطبعة الحيدرية،</subfield>
    <subfield code="c">1343 هـ.، [1924؟ م.]</subfield>
  </datafield>
  <datafield tag="880" ind1=" " ind2=" ">
    <subfield code="6">300-05/(3/r</subfield>
    <subfield code="a">82 صفحة ؛</subfield>
    <subfield code="c">22 سم</subfield>
  </datafield>
  <datafield tag="907" ind1=" " ind2=" ">
    <subfield code="a">.b12348521</subfield>
    <subfield code="b">18-02-07</subfield>
    <subfield code="c">11-05-24</subfield>
  </datafield>
  <datafield tag="907" ind1=" " ind2=" ">
    <subfield code="a">.b12348521</subfield>
    <subfield code="b">15-10-15</subfield>
    <subfield code="c">11-05-24</subfield>
  </datafield>
  <datafield tag="945" ind1=" " ind2=" ">
    <subfield code="f">J</subfield>
    <subfield code="a">297.04:N162kA:c.1</subfield>
    <subfield code="g">1</subfield>
    <subfield code="i">01005832</subfield>
    <subfield code="j">.i1279160x</subfield>
    <subfield code="l">u0503</subfield>
  </datafield>
  <datafield tag="998" ind1=" " ind2=" ">
    <subfield code="a">u05</subfield>
    <subfield code="b">97-02-14</subfield>
    <subfield code="c">m</subfield>
    <subfield code="d">a</subfield>
    <subfield code="e">-</subfield>
    <subfield code="f">ara</subfield>
    <subfield code="g">iq </subfield>
    <subfield code="h">0</subfield>
    <subfield code="i">1</subfield>
  </datafield>
</record>
</collection>
